<?xml version="1.0" encoding="UTF-8"?><collection xmlns="http://www.loc.gov/MARC21/slim"><record><leader>00423nam--2200133-i-4500</leader><controlfield tag="001">000016145</controlfield><controlfield tag="002">20161230</controlfield><controlfield tag="005">20161230201031</controlfield><controlfield tag="008">060222s1000------------r-----000-0-eng-d</controlfield><datafield ind1=" " ind2=" " tag="080"><subfield code="a">621.372.8(043)</subfield></datafield><datafield ind1=" " ind2=" " tag="100"><subfield code="a">Comte Georges</subfield></datafield><datafield ind1=" " ind2=" " tag="245"><subfield code="a">Influencedes irregularites localisees dans un guide d=ondes circulaire sur la propagation d une onde te ol dans ce guide.these</subfield></datafield><datafield ind1=" " ind2=" " tag="260"><subfield code="a">Paris, L Universite, 1960 123 P</subfield></datafield><datafield ind1=" " ind2=" " tag="852"><subfield code="a">77082</subfield></datafield></record></collection>